<record><leader>00000cas a22000007a 4500</leader><controlfield tag="001">1536949</controlfield><controlfield tag="008">750812c19499999nduwr ne      0    0eng d</controlfield><controlfield tag="009">501</controlfield><datafield ind1=" " ind2=" " tag="010"><subfield code="a">sn 89074974 </subfield></datafield><datafield ind1=" " ind2=" " tag="040"><subfield code="a">MUL</subfield><subfield code="b">eng</subfield><subfield code="c">MUL</subfield><subfield code="d">OCL</subfield><subfield code="d">NOP</subfield></datafield><datafield ind1="1" ind2=" " tag="029"><subfield code="a">AU@</subfield><subfield code="b">000025875885</subfield></datafield><datafield ind1=" " ind2=" " tag="042"><subfield code="a">msc</subfield></datafield><datafield ind1="0" ind2=" " tag="130"><subfield code="a">Bowman County pioneer (Bowman, N.D. : 1949)</subfield></datafield><datafield ind1="0" ind2="0" tag="245"><subfield code="a">Bowman County pioneer.</subfield></datafield><datafield ind1=" " ind2=" " tag="260"><subfield code="a">Bowman, Bowman County, N.D. :</subfield><subfield code="b">[s.n.,]</subfield></datafield><datafield ind1=" " ind2=" " tag="300"><subfield code="a">v. :</subfield><subfield code="b">ill.</subfield></datafield><datafield ind1=" " ind2=" " tag="310"><subfield code="a">Weekly</subfield></datafield><datafield ind1="0" ind2=" " tag="362"><subfield code="a">Vol. 41, no. 21 (May 26, 1949)-</subfield></datafield><datafield ind1=" " ind2=" " tag="530"><subfield code="a">Available on microfilm from the State Historical Society of North Dakota.</subfield></datafield><datafield ind1=" " ind2=" " tag="752"><subfield code="a">United States</subfield><subfield code="b">North Dakota</subfield><subfield code="c">Bowman</subfield><subfield code="d">Bowman.</subfield></datafield><datafield ind1="0" ind2="0" tag="780"><subfield code="t">Bowman County pioneer and Scranton star</subfield><subfield code="w">(DLC)sn 88076394</subfield></datafield></record>